<record><leader>00000cas a2200000Ma 4500</leader><controlfield tag="001">173758971</controlfield><controlfield tag="008">840504d19691970nvuwr nea     0    0eng  </controlfield><controlfield tag="009">1419</controlfield><datafield ind1=" " ind2=" " tag="010"><subfield code="a">sn 84020377 </subfield></datafield><datafield ind1=" " ind2=" " tag="040"><subfield code="a">DLC</subfield><subfield code="b">eng</subfield><subfield code="c">NYP</subfield></datafield><datafield ind1="0" ind2="0" tag="050"><subfield code="a">Newspaper</subfield></datafield><datafield ind1="0" ind2=" " tag="130"><subfield code="a">Territorial enterprise (Winnemucca, Nev.)</subfield></datafield><datafield ind1="0" ind2="0" tag="245"><subfield code="a">Territorial enterprise.</subfield></datafield><datafield ind1=" " ind2=" " tag="260"><subfield code="a">Winnemucca, Nev. :</subfield><subfield code="b">Humboldt Basin Newspapers, Inc.,</subfield><subfield code="c">1969-1970.</subfield></datafield><datafield ind1=" " ind2=" " tag="300"><subfield code="a">3 v. :</subfield><subfield code="b">ill.</subfield></datafield><datafield ind1=" " ind2=" " tag="310"><subfield code="a">Weekly</subfield></datafield><datafield ind1="0" ind2=" " tag="362"><subfield code="a">Vol. 116, no. 13 (Apr. 2, 1969)-v. 116, no. 33 (Aug. 13, 1969); new ser. v. 111, no. 33 (Aug. 20, 1969)-v. 112, no. 5 (Feb. 11, 1970).</subfield></datafield><datafield ind1=" " ind2=" " tag="500"><subfield code="a">"Independent." Cf. Ayer, 1970.</subfield></datafield><datafield ind1=" " ind2=" " tag="515"><subfield code="a">Vol. 116, no. 29 misnumbered as v. 166, no. 29.</subfield></datafield><datafield ind1=" " ind2=" " tag="500"><subfield code="a">". . . with which is combined the Humboldt county bulletin, the Humboldt star, the Silver state, the Battle Mountain news, the Battle Mountainscout, the Nevada mining record and the Virginia city news."</subfield></datafield><datafield ind1=" " ind2=" " tag="580"><subfield code="a">Formed by the union of: Territorial enterprise and Virginia City news (Virginia City, Nev. : 1952), and: Humboldt County bulletin (Winnemucca, Nev. : 1961).</subfield></datafield><datafield ind1=" " ind2=" " tag="533"><subfield code="a">Microfilm.</subfield><subfield code="m">v.116 (Jan. 3-Aug. 13, 1969) new ser., v.111-112 (Aug. 20, 1969-Feb. 11, 1970).</subfield><subfield code="b">Wooster, Ohio :</subfield><subfield code="c">Bell &amp; Howell.</subfield><subfield code="e">1 microfilm reel.</subfield></datafield><datafield ind1=" " ind2=" " tag="752"><subfield code="a">United States</subfield><subfield code="b">Nevada</subfield><subfield code="c">Humboldt</subfield><subfield code="d">Winnemucca.</subfield></datafield><datafield ind1="1" ind2="4" tag="780"><subfield code="t">Territorial enterprise and Virginia City newsw(DLC)sn 84020376</subfield></datafield><datafield ind1="1" ind2="4" tag="780"><subfield code="t">Humboldt County bulletin (Winnemucca, Nev. : 1961)</subfield></datafield><datafield ind1="0" ind2="0" tag="785"><subfield code="t">Humboldt County bulletin (Winnemucca, Nev. : 1970)</subfield></datafield></record>